<?xml version="1.0" encoding="UTF-8"?><record xmlns="http://www.loc.gov/MARC21/slim" xmlns:cinclude="http://apache.org/cocoon/include/1.0" xmlns:zs="http://www.loc.gov/zing/srw/">
  <leader>00931nz  a2200169n  4500</leader>
  <controlfield tag="001">n  78043583 </controlfield>
  <controlfield tag="003">DLC</controlfield>
  <controlfield tag="005">19840322000000.0</controlfield>
  <controlfield tag="008">780817n| acannaab|          |a aaa |||  </controlfield>
  <datafield tag="010" ind1=" " ind2=" ">
    <subfield code="a">n  78043583 </subfield>
  </datafield>
  <datafield tag="040" ind1=" " ind2=" ">
    <subfield code="a">DLC</subfield>
    <subfield code="c">DLC</subfield>
  </datafield>
  <datafield tag="100" ind1="1" ind2="0">
    <subfield code="a">Berkowitz, M. K.</subfield>
    <subfield code="q">(Michael K.)</subfield>
  </datafield>
  <datafield tag="400" ind1="1" ind2="0">
    <subfield code="w">nnaa</subfield>
    <subfield code="a">Berkowitz, M. K.</subfield>
  </datafield>
  <datafield tag="670" ind1=" " ind2=" ">
    <subfield code="a">His Implementing solar energy ... c1977:</subfield>
    <subfield code="b">t.p. (M. K. Berkowitz, assist. prof., Dept. of Political Econ. and research assoc., Institute for Policy Analysis, Univ. of Toronto)</subfield>
  </datafield>
  <datafield tag="670" ind1=" " ind2=" ">
    <subfield code="a">Commonwealth univ. yrbk., 1978:</subfield>
    <subfield code="b">p. 1149 (M. Berkowitz, PhD. N.Y., asst. prof., Univ. of Toronto, Pol. Econ. Dept.)</subfield>
  </datafield>
  <datafield tag="670" ind1=" " ind2=" ">
    <subfield code="a">NLC 8/30/83</subfield>
    <subfield code="b">(AACR 2: Berkowitz, M. K. (Michael K.))</subfield>
  </datafield>
  <datafield tag="675" ind1=" " ind2=" ">
    <subfield code="a">WW in Can., 1975-76;</subfield>
    <subfield code="a">Can. WW, 1973-75;</subfield>
    <subfield code="a">Toronto Univ. catalog, 1972-73;</subfield>
    <subfield code="a">Univ. of Toronto School of Grad. Studies cal., 1971-72;</subfield>
    <subfield code="a">Univ. &amp; colleges of Can., 1976;</subfield>
    <subfield code="a">Amer. men/women of sci., 1973, 1976;</subfield>
    <subfield code="a">National faculty direct., 1978.</subfield>
  </datafield>
</record>